% This file was created with Citavi 6.15.2.0

@article{Aggarwal.2021,
 author = {Aggarwal, Alankrita and Mittal, Mamta and Battineni, Gopi},
 year = {2021},
 title = {Generative adversarial network: An overview of theory and applications},
 pages = {100004},
 volume = {1},
 number = {1},
 issn = {26670968},
 journal = {International Journal of Information Management Data Insights},
 doi = {10.1016/j.jjimei.2020.100004}
}


@article{Creswell.2018,
 author = {Creswell, Antonia and White, Tom and Dumoulin, Vincent and Arulkumaran, Kai and Sengupta, Biswa and Bharath, Anil A.},
 year = {2018},
 title = {Generative Adversarial Networks: An Overview},
 pages = {53--65},
 volume = {35},
 number = {1},
 issn = {1053-5888},
 journal = {IEEE Signal Processing Magazine},
 doi = {10.1109/MSP.2017.2765202}
}

@InProceedings{Isola,
  author   = {Phillip Isola and Jun-Yan Zhu and Tinghui Zhou and Alexei A. Efros},
  title    = {Image-to-Image Translation with Conditional Adversarial Networks},
  abstract = {1. Introduction
Many problems in image processing, computer graphics,},
  file     = {:C\:/Users/marce.LAPTOP-B3NRMO75/OneDrive/Dokumente/Uni/Teamprojekt/Teamprojekt_GAN_Ausarbeitung/Literatur/Image-to-Image Translation with Conditional Adversarial Networks.pdf:PDF},
}

@Comment{jabref-meta: databaseType:bibtex;}
